@INPROCEEDINGS{6005872, 
author={Riaz, F. and Ali, K.M.}, 
booktitle={Computational Intelligence, Communication Systems and Networks (CICSyN), 2011 Third International Conference on}, 
title={Applications of Graph Theory in Computer Science}, 
year={2011}, 
pages={142-145}, 
keywords={data structures;graph theory;ubiquitous computing;computer science;data structure;graph representation;graph theory;human-made structure;list structure;matrix structure;social system;ubiquitous model;Color;Computational modeling;Computer science;Computers;Data structures;Graph theory;Mobile handsets;Algorithm;Data structure;Matrix structure;list structure}, 
doi={10.1109/CICSyN.2011.40},}

@article{shirinivas2010applications,
  title={Applications of graph theory in computer science an overview},
  author={Shirinivas, SG and Vetrivel, S and Elango, NM},
  journal={International Journal of Engineering Science and Technology},
  volume={2},
  number={9},
  pages={4610--4621},
  year={2010}
}
