@book{algo_sedgewick,
  Author = {Robert Sedgewick},
  Title = {Algorithms},
  Publisher = {Addison-Wesley Pub (Sd)},
  Year = {1988},
  ISBN = {0201066734},
  URL = {http://www.amazon.com/Algorithms-Robert-Sedgewick/dp/0201066734%3FSubscriptionId%3D0JYN1NVW651KCA56C102%26tag%3Dtechkie-20%26linkCode%3Dxm2%26camp%3D2025%26creative%3D165953%26creativeASIN%3D0201066734}
}

@book{c++_sedgewick,
  Author = {Robert Sedgewick},
  Title = {Algorithms in C++ Part 5: Graph Algorithms (3rd Edition) (Pt.5)},
  Publisher = {Addison-Wesley Professional},
  Year = {2002},
  ISBN = {0201361183},
  URL = {http://www.amazon.com/Algorithms-Part-Graph-Edition-Pt-5/dp/0201361183%3FSubscriptionId%3D0JYN1NVW651KCA56C102%26tag%3Dtechkie-20%26linkCode%3Dxm2%26camp%3D2025%26creative%3D165953%26creativeASIN%3D0201361183}
}

@INPROCEEDINGS{6005872, 
author={Riaz, F. and Ali, K.M.}, 
booktitle={Computational Intelligence, Communication Systems and Networks (CICSyN), 2011 Third International Conference on}, 
title={Applications of Graph Theory in Computer Science}, 
year={2011}, 
pages={142-145}, 
keywords={data structures;graph theory;ubiquitous computing;computer science;data structure;graph representation;graph theory;human-made structure;list structure;matrix structure;social system;ubiquitous model;Color;Computational modeling;Computer science;Computers;Data structures;Graph theory;Mobile handsets;Algorithm;Data structure;Matrix structure;list structure}, 
doi={10.1109/CICSyN.2011.40},}

@article{shirinivas2010applications,
  title={Applications of graph theory in computer science an overview},
  author={Shirinivas, SG and Vetrivel, S and Elango, NM},
  journal={International Journal of Engineering Science and Technology},
  volume={2},
  number={9},
  pages={4610--4621},
  year={2010}
}

@inproceedings{Leiserson,
 author = {Leiserson, Charles E. and Schardl, Tao B.},
 title = {A Work-efficient Parallel Breadth-first Search Algorithm (or How to Cope with the Nondeterminism of Reducers)},
 booktitle = {Proceedings of the Twenty-second Annual ACM Symposium on Parallelism in Algorithms and Architectures},
 series = {SPAA '10},
 year = {2010},
 isbn = {978-1-4503-0079-7},
 location = {Thira, Santorini, Greece},
 pages = {303--314},
 numpages = {12},
 url = {http://doi.acm.org/10.1145/1810479.1810534},
 doi = {10.1145/1810479.1810534},
 acmid = {1810534},
 publisher = {ACM},
 address = {New York, NY, USA},
 keywords = {breadth-first search, cilk, graph algorithms, hyperobjects, multithreading, nondeterminism, parallel algorithms, reducers, work-stealing},
}

@inproceedings{bader2006designing,
  title={Designing multithreaded algorithms for breadth-first search and st-connectivity on the Cray MTA-2},
  author={Bader, David A and Madduri, Kamesh},
  booktitle={Parallel Processing, 2006. ICPP 2006. International Conference on},
  pages={523--530},
  year={2006},
  organization={IEEE}
}

@inproceedings{cong2008solving,
  title={Solving large, irregular graph problems using adaptive work-stealing},
  author={Cong, Guojing and Kodali, Sreedhar and Krishnamoorthy, Sriram and Lea, Doug and Saraswat, Vijay and Wen, Tong},
  booktitle={Parallel Processing, 2008. ICPP'08. 37th International Conference on},
  pages={536--545},
  year={2008},
  organization={IEEE}
}

@inproceedings{korf2005large,
  title={Large-scale parallel breadth-first search},
  author={Korf, Richard E and Schultze, Peter},
  booktitle={AAAI},
  volume={5},
  pages={1380--1385},
  year={2005}
}

@inproceedings{barnat2003parallel,
  title={Parallel breadth-first search LTL model-checking},
  author={Barnat, Jiri and Brim, Lubos and Chaloupka, Jakub},
  booktitle={Automated Software Engineering, 2003. Proceedings. 18th IEEE International Conference on},
  pages={106--115},
  year={2003},
  organization={IEEE}
}

@inproceedings{zhang2006parallel,
  title={Parallel breadth-first heuristic search on a shared-memory architecture},
  author={Zhang, Yang and Hansen, Eric A},
  booktitle={AAAI-06 Workshop on Heuristic Search, Memory-Based Heuristics and Their Applications},
  year={2006}
}

@article{reif1985depth,
  title={Depth-first search is inherently sequential},
  author={Reif, John H},
  journal={Information Processing Letters},
  volume={20},
  number={5},
  pages={229--234},
  year={1985},
  publisher={Elsevier}
}

@article{ghosh1984parallel,
  title={A parallel search algorithm for directed acyclic graphs},
  author={Ghosh, Ratan K and Bhattacharjee, GP},
  journal={BIT Numerical Mathematics},
  volume={24},
  number={2},
  pages={133--150},
  year={1984},
  publisher={Springer}
}

@article{hagerup1990planar,
  title={Planar Depth-First Search in O($\backslash$logn) Parallel Time},
  author={Hagerup, Torben},
  journal={SIAM Journal on Computing},
  volume={19},
  number={4},
  pages={678--704},
  year={1990},
  publisher={SIAM}
}

@inproceedings{aggarwal1989parallel,
  title={Parallel depth-first search in general directed graphs},
  author={Aggarwal, Alok and Anderson, Richard J and Kao, M-Y},
  booktitle={Proceedings of the twenty-first annual ACM symposium on Theory of computing},
  pages={297--308},
  year={1989},
  organization={ACM}
}

@article{goldberg1993sublinear,
  title={Sublinear-time parallel algorithms for matching and related problems},
  author={Goldberg, Andrew V and Plotkin, Serge A and Vaidya, Pravin M},
  journal={Journal of Algorithms},
  volume={14},
  number={2},
  pages={180--213},
  year={1993},
  publisher={Elsevier}
}

@article{gebremedhin1999parallel,
  title={Parallel graph coloring},
  author={Gebremedhin, Assefaw Hadish},
  journal={Cand. scient (M. Sc) thesis, Department of Informatics, Univ. of Bergen},
  year={1999},
  publisher={Citeseer}
}

@article{gebremedhin2000scalable,
  title={Scalable parallel graph coloring algorithms},
  author={Gebremedhin, Assefaw Hadish and Manne, Fredrik},
  journal={Concurrency - Practice and Experience},
  volume={12},
  number={12},
  pages={1131--1146},
  year={2000}
}

@article{jones1993parallel,
  title={A parallel graph coloring heuristic},
  author={Jones, Mark T and Plassmann, Paul E},
  journal={SIAM Journal on Scientific Computing},
  volume={14},
  number={3},
  pages={654--669},
  year={1993},
  publisher={SIAM}
}

@incollection{fleischer2000identifying,
  title={On identifying strongly connected components in parallel},
  author={Fleischer, Lisa K and Hendrickson, Bruce and P{\i}nar, Ali},
  booktitle={Parallel and Distributed Processing},
  pages={505--511},
  year={2000},
  publisher={Springer}
}

@article{mclendon2005finding,
  title={Finding strongly connected components in distributed graphs},
  author={Mclendon Iii, William and Hendrickson, Bruce and Plimpton, Steven J and Rauchwerger, Lawrence},
  journal={Journal of Parallel and Distributed Computing},
  volume={65},
  number={8},
  pages={901--910},
  year={2005},
  publisher={Elsevier}
}

@article{hongtechnical,
  title={Technical Report: On Fast Parallel Detection of Strongly Connected Components (SCC) in Small-World Graphs},
  author={Hong, Sungpack and Redwood Shores, CA and Rodia, Nicole C and Olukotun, Kunle}
}

@inproceedings{johnson1992parallel,
  title={A parallel algorithm for computing minimum spanning trees},
  author={Johnson, Donald B and Metaxas, Panagiotis},
  booktitle={Proceedings of the fourth annual ACM symposium on Parallel algorithms and architectures},
  pages={363--372},
  year={1992},
  organization={ACM}
}

@article{Bader20061366,
title = "Fast shared-memory algorithms for computing the minimum spanning forest of sparse graphs ",
journal = "Journal of Parallel and Distributed Computing ",
volume = "66",
number = "11",
pages = "1366 - 1378",
year = "2006",
note = "",
issn = "0743-7315",
doi = "http://dx.doi.org/10.1016/j.jpdc.2006.06.001",
url = "http://www.sciencedirect.com/science/article/pii/S0743731506001262",
author = "David A. Bader and Guojing Cong",
keywords = "Parallel graph algorithms",
keywords = "Connectivity",
keywords = "High-performance algorithm engineering "
}

@article{newman20062,
  title={2 Random graphs as models of networks},
  author={Newman, Mark EJ},
  journal={Handbook of graphs and networks: From the genome to the internet},
  year={2006},
  publisher={John Wiley \& Sons}
}

@book{cormen2001introduction,
  title={Introduction to algorithms},
  author={Cormen, Thomas H and Leiserson, Charles E and Rivest, Ronald L and Stein, Clifford and others},
  volume={2},
  year={2001},
  publisher={MIT press Cambridge}
}

@article{nevsetvril2001otakar,
  title={Otakar Boruvka on minimum spanning tree problem translation of both the 1926 papers, comments, history},
  author={Nesetril, Jaroslav, Eva Milkova, and Helena Nesetrilova},
  journal={Discrete Mathematics},
  volume={233},
  number={1},
  pages={3--36},
  year={2001},
  publisher={Elsevier}
}

@article{jayawant2009minimum,
  title={Minimum spanning trees},
  author={Jayawant, Pallavi and Glavin, Kerry},
  journal={Involve a journal of mathematics},
  volume={2},
  number={4},
  pages={439--450},
  year={2009}
}

@article{prim1957shortest,
  title={Shortest connection networks and some generalizations},
  author={Prim, Robert Clay},
  journal={Bell system technical journal},
  volume={36},
  number={6},
  pages={1389--1401},
  year={1957},
  publisher={Wiley Online Library}
}

@article{kruskal1956shortest,
  title={On the shortest spanning subtree of a graph and the traveling salesman problem},
  author={Kruskal, Joseph B},
  journal={Proceedings of the American Mathematical society},
  volume={7},
  number={1},
  pages={48--50},
  year={1956},
  publisher={JSTOR}
}

@book{bollobas1998modern,
  title={Modern graph theory},
  author={Bollob{\'a}s, B{\'e}la},
  volume={184},
  year={1998},
  publisher={Springer}
}

@misc{bondy2008graph,
  title={Graph theory (Graduate texts in mathematics)},
  author={Bondy, JA and Murty, USR},
  year={2008},
  publisher={Springer New York}
}

@book{berman1996fundamentals,
  title={Fundamentals of sequential and parallel algorithms},
  author={Berman, Ken A and Paul, Jerome},
  year={1996},
  publisher={PWS Publishing Co.}
}

@article{skiena504algorithm,
  title={The Algorithm Design Manual, 1997},
  author={Skiena, Steven S},
  journal={Stony Brook, NY: Telos Pr},
  volume={504}
}

@article{Gabow2000107,
title = "Path-based depth-first search for strong and biconnected components ",
journal = "Information Processing Letters ",
volume = "74",
number = "3–4",
pages = "107 - 114",
year = "2000",
note = "",
issn = "0020-0190",
doi = "http://dx.doi.org/10.1016/S0020-0190(00)00051-X",
url = "http://www.sciencedirect.com/science/article/pii/S002001900000051X",
author = "Harold N. Gabow",
keywords = "Graph",
keywords = "Depth-first search",
keywords = "Strongly connected component",
keywords = "Biconnected component",
keywords = "Stack",
keywords = "Algorithms "
}

@article{aspvall1979linear,
  title={A linear-time algorithm for testing the truth of certain quantified boolean formulas},
  author={Aspvall, Bengt and Plass, Michael F and Tarjan, Robert Endre},
  journal={Information Processing Letters},
  volume={8},
  number={3},
  pages={121--123},
  year={1979},
  publisher={Elsevier}
}

@article{dellnitz2002set,
  title={Set oriented numerical methods for dynamical systems},
  author={Dellnitz, Michael and Junge, Oliver},
  journal={Handbook of dynamical systems},
  volume={2},
  number={1},
  pages={900},
  year={2002},
  publisher={Amsterdam: North-Holland}
}
